@article{Paper1,
	title = {Using Deep Learning Techniques to Evaluate Lung Cancer Using CT Images},
	% volume = {99},
	url = {https://doi.org/10.1007/s42979-022-01587-y},
	% abstract = {},
	% number = {18},
	journal = {SN Computer Science },
	% author = {Last Name, First Name and Other Last Name, First Name},
	month = Jan,
	year = {2022},
	%keywords = {some keyword, another keyword},
	%pages = {2200--2300},
}

@article{Paper2,
	title = {Machine Learning Techniques to Detect DDoS Attacks in IoT’s, SDN’s: A Comprehensive Overview}, 
	% volume = {99},
	url = {https://doi.org/10.5281/zenodo.8027034},
	% abstract = {},
	% number = {18},
	journal = {International Journal of Human Computations and Intelligence },
	%author = {Last Name, First Name and Again Last Name, First Name},
	month = Jun,
	year = {2023},
	%keywords = {some keyword, another keyword},
	% pages = {2200--2300},
}